@article{CacchianiToth2012,
  author   = {Cacchiani, Valentina and Toth, Paolo},
  title    = {Nominal and robust train timetabling problems},
  journal  = {European Journal of Operational Research},
  year     = {2012},
  volume   = {219},
  number   = {3},
  shorthand = {Cacchianiâ€“Toth (2012)}
}

@incollection{Caprara2002,
  author    = {Caprara, Alberto and Kroon, Leo and Monaci, Michele and Peeters, Marjan and Toth, Paolo},
  title     = {Passenger Railway Optimization},
  booktitle = {Handbooks in Operations Research and Management Science: Transportation},
  editor    = {Barnhart, Cynthia and Laporte, Gilbert},
  publisher = {Elsevier},
  year      = {2002},
  shorthand = {Caprara et al. (2002)}
}

@techreport{UIC406_2004,
  author      = {{UIC}},
  title       = {UIC Code 406: Capacity},
  year        = {2004},
  institution = {International Union of Railways},
  shorthand   = {UIC 406}
}

@article{TRC2010,
  author    = {Rob M. P. Goverde},
  title     = {A delay propagation algorithm for large-scale railway traffic networks},
  journal   = {Transportation Research Part C: Emerging Technologies},
  year      = {2010},
  volume    = {18},
  shorthand = {TRC 2010}
}

@article{DT2025,
  author    = {T. E. Anu and A. M. S. Sadiq and K. Gopakumar and S. Kumar},
  title     = {Revolutionizing railway systems: A systematic review of digital twins},
  journal   = {Digital Twin},
  year      = {2025},
  note      = {Systematic review on railway digital twins},
  shorthand = {DT Rail 2025}
}

@misc{QRail2024,
  author       = {M{\'a}ty{\'a}s Koniorczyk and Krzysztof Krawiec and Ludmila Botelho and Nikola Be{\v s}inovi{\'c} and Krzysztof Domino},
  title        = {Solving rescheduling problems in heterogeneous urban railway networks using hybrid quantum--classical approach},
  year         = {2024},
  shorthand    = {QRail 2024}
}

@article{Dewilde2013,
  author    = {T. Dewilde and D. Cattrysse and F. Corman and P. J. Fioole and L. Vansteenwegen},
  title     = {Robust railway station planning: Interaction between routing, timetabling and capacity},
  journal   = {Journal of Rail Transport Planning \& Management},
  year      = {2013},
  volume    = {3},
  shorthand = {Dewilde 2013}
}

@article{DAriano2009,
  author    = {Andrea D'Ariano and Marco Pranzo},
  title     = {An Advanced Real-Time Train Dispatching System for Minimizing the Propagation of Delays in a Dispatching Area Under Severe Disturbances},
  journal   = {Networks and Spatial Economics},
  year      = {2009},
  volume    = {9},
  shorthand = {D'Ariano 2009}
}

@article{TRC2023,
  author    = {Kah Yong Tiong and Zhenliang Ma and Carl-William Palmqvist},
  title     = {A review of data-driven approaches to predict train delays},
  journal   = {Transportation Research Part C: Emerging Technologies},
  year      = {2023},
  volume    = {148},
  shorthand = {TRC 2023}
}

@article{Omega2025,
  author    = {M. L. Tessitore and G. Sartor and M. Sam{\`a} and C. Mannino and D. Pacciarelli},
  title     = {On the fragility of a train timetable},
  journal   = {Omega},
  year      = {2025},
  volume    = {137},
  shorthand = {Omega 2025}
}

@inproceedings{TessitoreRailDresden2025,
  author    = {Marta Leonina Tessitore and Marcella Sam{\`a} and Giorgio Sartor and Carlo Mannino and Dario Pacciarelli},
  title     = {A Fragility-based Approach to Timetable Design},
  booktitle = {Proceedings of RailDresden 2025},
  year      = {2025},
  shorthand = {Tessitore 2025}
}

@misc{ERA-Terminologia,
  author    = {{European Union Agency for Railways}},
  title     = {ERA Railway Terminology Collection},
  year      = {2025},
  url       = {https://www.era.europa.eu/},
  shorthand = {ERA Glossario}
}

@book{Pachl2016,
  author    = {Joern Pachl},
  title     = {Railway Signalling Principles},
  year      = {2016},
  publisher = {TU Braunschweig},
  shorthand = {Pachl 2016}
}

@misc{UIC406,
  author    = {{UIC}},
  title     = {Capacity (UIC Code 406)},
  publisher = {International Union of Railways},
  year      = {2004},
  shorthand = {UIC 406}
}